@book{LeeSMan,
title={Introduction to Smooth Manifolds},
author={John M. Lee},
year={2013},
publisher={Springer},
series={Graduate Texts in Mathematics}
}

@book{HartAG,
title={Algebraic Geometry},
author={Robin Hartshorne},
year={1977},
publisher={Springer},
series={Graduate Texts in Mathematics}
}